<?xml version="1.0" encoding="UTF-8"?><collection xmlns="http://www.loc.gov/MARC21/slim"><record><leader>00357nam--2200133-i-4500</leader><controlfield tag="001">000005893</controlfield><controlfield tag="002">20161230</controlfield><controlfield tag="005">20161230201026</controlfield><controlfield tag="008">060222s1000------------r-----000-0-eng-d</controlfield><datafield ind1=" " ind2=" " tag="100"><subfield code="a">Barlow, H.M., Brown, J</subfield></datafield><datafield ind1=" " ind2=" " tag="245"><subfield code="a">Radio surface waves</subfield></datafield><datafield ind1=" " ind2=" " tag="260"><subfield code="a">Oxford, The Clarendon Press, 1962 Xi + 198 P</subfield></datafield><datafield ind1=" " ind2=" " tag="490"><subfield code="a">International Monographs On Radio</subfield></datafield><datafield ind1=" " ind2=" " tag="852"><subfield code="a">17464</subfield></datafield></record></collection>